@misc{sphereoi:itemIdentification2018,
	author = "Thad Scheer",
	title = "Category, Segment, and Brand – what’s the difference? – Sphere of Influence : Analytics Studio",
	howpublished = "\url{https://sphereoi.com/studios/category-segment-and-brand-whats-the-difference/}",
	month = {},
	year = {},
	note = "[Online, Acedido on 25/03/2018]"
}

@misc{businessDictionary:invetoryDefinition2018,
	author = "Business Dictionary",
	title = "What is inventory? definition and meaning - BusinessDictionary.com",
	howpublished = "\url{http://www.businessdictionary.com/definition/inventory.html}",
	month = {},
	year = {},
	note = "[Online, Acedido a 04/26/2018]"
}

@misc{businessDictionary:stockItemDefinition2018,
	author = "Business Dictionary",
	title = "What is standard stock item? definition and meaning - BusinessDictionary.com",
	howpublished = "\url{http://www.businessdictionary.com/definition/standard-stock-item.html}",
	month = {},
	year = {},
	note = "[Online, Acedido on 26/04/2018]"
}

@misc{investopedia:skuDefinition2018,
	author = "Investopedia",
	title = "Stock Keeping Unit (SKU)",
	howpublished = "\url{https://www.investopedia.com/terms/s/stock-keeping-unit-sku.asp}",
	month = {},
	year = {},
	note = "[Online, Acedido a 26/04/2018]"
}

@misc{investopedia:brandDefinition2018,
	author = "Investopedia",
	title = "Brand",
	howpublished = "\url{https://www.investopedia.com/terms/b/brand.asp}",
	month = {},
	year = {},
	note = "[Online, Acedido a 26/04/2018]"
}

@misc{phostersoft:stockItemDefinition2018,
	author = "Gazelle Point-of-Sale Support",
	title = "Stock Item and Non-Stock Item : Gazelle Point-of-Sale Support",
	howpublished = "\url{http://support.phostersoft.com/support/solutions/articles/17907-stock-item-and-non-stock-item}",
	month = {},
	year = {},
	note = "[Online, Acedido a 26/04/2018]"
}

@misc{eurostat:internetAccess2016,
	author = "Eurostat",
	title = "Internet use by individuals",
	howpublished = "\url{http://ec.europa.eu/eurostat/documents/2995521/7771139/9-20122016-BP-EN.pdf}",
	month = "Dezembro",
	year = "2016",
	note = "[Online, Acedido a 23/05/2018]"
}

@misc{nfcforum:nfc,
	author = {},
	title = "What Is NFC? - NFC Forum | NFC Forum",
	howpublished = "\url{https://nfc-forum.org/what-is-nfc/}",
	month = {},
	year = {},
	note = "[Online, Acedido a 15/04/2018]"
}

@misc{rfidinc:rfid,
	author = {},
	title = {RFID Readers and RFID Tags for any Specialty RFID Needs - RFID, Inc},
	howpublished = {\url{http://rfidinc.com/}},
	month = {},
	year = {},
	note = "[Online, Acedido a 15/04/2018]"
}

@misc{draftnot72:jsonHome,
	author = {},
	title = {Home Documents for HTTP APIs
	draft-nottingham-json-home-06},
	howpublished = "\url{https://tools.ietf.org/html/draft-nottingham-json-home-06}",
	month = "Fevereiro",
	year = "2017",
	note = "[Online, Acedido a 15/04/2018]"
}

@misc{kevinswiber:siren,
	author = "Kevin Swiber",
	title = "Siren: a hypermedia specification for representing entities",
	howpublished = "\url{https://github.com/kevinswiber/siren}",
	month = {},
	year = {},
	note = "[Online, Acedido a 15/04/2018]"
}

@misc{RFC7807P89:problemDetails,
	author = "M. Nottingham", "Akamai", "E. Wilde",
	title = "RFC 7807 - Problem Details for HTTP APIs",
	howpublished = "\url{https://tools.ietf.org/html/rfc7807}",
	month = "Março",
	year = "2016",
	note = "[Online, Acedido a 15/04/2018]"
}

@misc{RFC7231:http,
	author = "R. Fielding, Ed.", "J. Reschke, Ed.",
	title = "RFC 7231 - Hypertext Transfer Protocol (HTTP/1.1): Semantics and Content",
	howpublished = "\url{https://tools.ietf.org/html/rfc7231}",
	month = Junho,
	year = 2014,
	note = "[Online, Acedido a 15/04/2018]"
}

@misc{RFC2660:https,
	author = "E. Rescorla", "A. Schiffman",
	title = "RFC 2660 - The Secure HyperText Transfer Protocol",
	howpublished = "\url{https://tools.ietf.org/html/rfc2660}",
	month = "Agosto",
	year = "1999",
	note = "[Online, Acedido a 15/04/2018]"
}

@misc{RFC7617:basicSheme,
	author = "J. Reschke",
	title = "RFC 7617 - The 'Basic' HTTP Authentication Scheme",
	howpublished = "\url{https://tools.ietf.org/html/rfc7617}",
	month = "Setembro",
	year = "2015",
	note = "[Online, Acedido a 15/04/2018]"
}