@misc{sphereoi:itemIdentification2018,
	author = "Thad Scheer",
	title = "Category, Segment, and Brand – what’s the difference? – Sphere of Influence : Analytics Studio",
	howpublished = "\url{https://sphereoi.com/studios/category-segment-and-brand-whats-the-difference/}",
	month = {},
	year = {},
	note = "[Online, Acedido on 25/03/2018]"
}

@misc{businessDictionary:invetoryDefinition2018,
	author = "Business Dictionary",
	title = "What is inventory? definition and meaning - BusinessDictionary.com",
	howpublished = "\url{http://www.businessdictionary.com/definition/inventory.html}",
	month = {},
	year = {},
	note = "[Online, Acedido a 04/26/2018]"
}

@misc{businessDictionary:stockItemDefinition2018,
	author = "Business Dictionary",
	title = "What is standard stock item? definition and meaning - BusinessDictionary.com",
	howpublished = "\url{http://www.businessdictionary.com/definition/standard-stock-item.html}",
	month = {},
	year = {},
	note = "[Online, Acedido on 26/04/2018]"
}

@misc{investopedia:skuDefinition2018,
	author = "Investopedia",
	title = "Stock Keeping Unit (SKU)",
	howpublished = "\url{https://www.investopedia.com/terms/s/stock-keeping-unit-sku.asp}",
	month = {},
	year = {},
	note = "[Online, Acedido a 26/04/2018]"
}

@misc{investopedia:brandDefinition2018,
	author = "Investopedia",
	title = "Brand",
	howpublished = "\url{https://www.investopedia.com/terms/b/brand.asp}",
	month = {},
	year = {},
	note = "[Online, Acedido a 26/04/2018]"
}

@misc{phostersoft:stockItemDefinition2018,
	author = "Gazelle Point-of-Sale Support",
	title = "Stock Item and Non-Stock Item : Gazelle Point-of-Sale Support",
	howpublished = "\url{http://support.phostersoft.com/support/solutions/articles/17907-stock-item-and-non-stock-item}",
	month = {},
	year = {},
	note = "[Online, Acedido a 26/04/2018]"
}

@misc{eurostat:internetAccess2016,
	author = "Eurostat",
	title = "Internet use by individuals",
	howpublished = "\url{http://ec.europa.eu/eurostat/documents/2995521/7771139/9-20122016-BP-EN.pdf}",
	month = "Dezembro",
	year = "2016",
	note = "[Online, Acedido a 23/05/2018]"
}

@misc{nfcforum:nfc,
	author = {},
	title = "What Is NFC? - NFC Forum | NFC Forum",
	howpublished = "\url{https://nfc-forum.org/what-is-nfc/}",
	month = {},
	year = {},
	note = "[Online, Acedido a 15/04/2018]"
}

@misc{rfidinc:rfid,
	author = {},
	title = {RFID Readers and RFID Tags for any Specialty RFID Needs - RFID, Inc},
	howpublished = {\url{http://rfidinc.com/}},
	month = {},
	year = {},
	note = "[Online, Acedido a 15/04/2018]"
}

@misc{draftnot72:jsonHome,
	author = {},
	title = {Home Documents for HTTP APIs
	draft-nottingham-json-home-06},
	howpublished = "\url{https://tools.ietf.org/html/draft-nottingham-json-home-06}",
	month = "Fevereiro",
	year = "2017",
	note = "[Online, Acedido a 15/04/2018]"
}

@misc{kevinswiber:siren,
	author = "Kevin Swiber",
	title = "Siren: a hypermedia specification for representing entities",
	howpublished = "\url{https://github.com/kevinswiber/siren}",
	month = {},
	year = {},
	note = "[Online, Acedido a 15/04/2018]"
}

@misc{RFC7807:problemDetails,
	author = "Nottingham, M. and Akamai and Wilde, E.",
	title = "RFC 7807 - Problem Details for HTTP APIs",
	howpublished = "\url{https://tools.ietf.org/html/rfc7807}",
	month = "Março",
	year = "2016",
	note = "[Online, Acedido a 15/04/2018]"
}

@misc{RFC7231:http,
	author = "Fielding, R. and Reschke, J.",
	title = "RFC 7231 - Hypertext Transfer Protocol (HTTP/1.1): Semantics and Content",
	howpublished = "\url{https://tools.ietf.org/html/rfc7231}",
	month = "Junho",
	year = "2014",
	note = "[Online, Acedido a 15/04/2018]"
}

@misc{RFC2660:https,
	author = "Rescorla, E. and A. Schiffman, E.",
	title = "RFC 2660 - The Secure HyperText Transfer Protocol",
	howpublished = "\url{https://tools.ietf.org/html/rfc2660}",
	month = "Agosto",
	year = "1999",
	note = "[Online, Acedido a 15/04/2018]"
}

@misc{RFC7617:basicSheme,
	author = "Reschke, J.",
	title = "RFC 7617 - The 'Basic' HTTP Authentication Scheme",
	howpublished = "\url{https://tools.ietf.org/html/rfc7617}",
	month = "Setembro",
	year = "2015",
	note = "[Online, Acedido a 15/04/2018]"
}

@misc{javaee6:jpa,
	author = {},
	title = "Introduction to the Java Persistence API - The Java EE 6 Tutorial",
	howpublished = "\url{https://docs.oracle.com/javaee/6/tutorial/doc/bnbpz.html}",
	month = {},
	year = {},
	note = "[Online, Acedido a 28/04/2018]"
}

@misc{oracle:jpa,
author = {},
title = {Java Persistence API},
howpublished = {\url{http://www.oracle.com/technetwork/java/javaee/tech/persistence-jsp-140049.html}},
month = {},
year = {},
note = "[Online, Acedido a 28/04/2018]"
}

@misc{dataAccessWithJDBC:jdbctemplate,
	author = {},
	title = {12. Data access with JDBC},
	howpublished = {\url{https://docs.spring.io/spring/docs/3.0.x/spring-framework-reference/html/jdbc.html}},
	month = {},
	year = {},
	note = "[Online, Acedido a 28/04/2018]"
}

@misc{hibernateORM:hibernate,
	author = {},
	title = "Documentation - 5.3 - Hibernate ORM",
	howpublished = "\url{http://hibernate.org/orm/documentation/5.3/}",
	month = {},
	year = {},
	note = "[Online, Acedido a 28/04/2018]"
}

@misc{PofEAARe31:repositoryPattern,
	author = "Edward Hieatt and Rob Mee",
	title = "P of EAA: Repository",
	howpublished = "\url{https://martinfowler.com/eaaCatalog/repository.html}",
	month = {},
	year = {},
	note = "[Online, Acedido a 25/05/2018]"
}

@misc{PofEAAUn16:unitOfWorkPattern,
	author = "Martin Fowler",
	title = "P of EAA: Unit of Work",
	howpublished = "\url{https://martinfowler.com/eaaCatalog/unitOfWork.html}",
	month = {},
	year = {},
	note = "[Online, Acedido a 25/05/2018]"
}

@misc{PofEAASe2:serviceLayer,
	author = "Randy Stafford",
	title = "P of EAA: Service Layer",
	howpublished = "\url{https://www.martinfowler.com/eaaCatalog/serviceLayer.html}",
	month = {},
	year = {},
	note = "[Online, Acedido a 28/05/2018]"
}

@misc{APIBestP87:hypermedia,
	author = "Mike Stowe",
	title = "API Best Practices: Hypermedia (Part 4.1) | MuleSoft Blog",
	howpublished = "\url{https://blogs.mulesoft.com/dev/api-dev/api-best-practices-hypermedia-part-1/}",
	month = {},
	year = {},
	note = "[Online, Acedido a 28/05/2018]"
}

@misc{GestaoStocks:MetodosPrevisaoStocks,
	author = "Almeida, Dulce and Teixeira, Lídia",
	title = "Microsoft Word - RelatorioFinalissimo.doc",
	howpublished = "\url{https://web.fe.up.pt/~ee00190/RelatorioProjectoEstagio.pdf}",
	month = {},
	year = {},
	note = "[Online, Acedido a 28/05/2018]"
}

@misc{Accenture:2016,
author = "Mark Purdy and Ladan Davarzani (Accenture)",
title = "The Growth Game-Changer: How the Industrial Internet of Things can drive progress and prosperity",
howpublished = "\url{https://www.accenture.com/t20150708T025453__w__/fr-fr/_acnmedia/Accenture/Conversion-Assets/DotCom/Documents/Local/fr-fr/PDF_5/Accenture-Industrial-Internet-Things-Growth-Game-Changer.pdf}",
year = 2015,
note = "[Online, Acedido a 12/06/2018]"
}

@inproceedings{shweta2017intelligent,
  title={Intelligent refrigerator using ARTIFICIAL INTELLIGENCE},
  author={Shweta, AS},
  booktitle={Intelligent Systems and Control (ISCO), 2017 11th International Conference on},
  pages={464--468},
  year={2017},
  organization={IEEE}
}

@misc{deco:fridgeStarsClassification,
author = {},
title = {Funções dos frigoríficos de A a Z},
howpublished = "\url{https://www.deco.proteste.pt/eletrodomesticos/frigorificos/dicas/funcoes-dos-frigorificos-de-a-a-z}",
month = "Setembro",
year = "2015",
note = "[Online, Acedido a 06/07/2018]"
}

@misc{deco:conservationTimeByProduct,
author = {},
title = {Conservar alimentos no congelador},
howpublished = "\url{https://www.deco.proteste.pt/alimentacao/seguranca-alimentar/dicas/conservar-alimentos-no-congelador}",
month = "Abril",
year = "2016",
note = "[Online, Acedido a 06/07/2018]"
}

@misc{asae:labeling,
author = {Regulamento (UE) nº1169/2011},
title = {Rotulagem de Géneros Alimentícios},
howpublished = "\url{https://www.asae.gov.pt/perguntas-frequentes1/rotulagem-de-generos-alimenticios-.aspx}",
month = {Abril},
year = {2017},
note = "[Online, Acedido a 10/03/2018]"
}

@misc{RFC4180:csv,
author = {Y. Shafranovich},
title = {RFC 4180 - Common Format and MIME Type for Comma-Separated Values (CSV) Files},
howpublished = "url{https://tools.ietf.org/html/rfc4180}",
month = {Outubro},
year = {2005},
note = "[Online, Acedido a 21/05/2018]"
}

@misc{mitreidconnect:impl,
author = {Justin Richer and Amanda Anganes and Michael Jett and Michael Walsh and Steve Moore and Mike Derryberry and William Kim and Mark Janssen},
title = {MITREid Connect: An OpenID Connect reference implementation in Java on the Spring platform.},
howpublished = "\url{https://github.com/mitreid-connect/OpenID-Connect-Java-Spring-Server}",
month = {},
year = {2018},
note = "[Online, Acedido a 21/06/2018]"
}

@misc{OAuthApis:impl,
author = {},
title = {OAuth-Apis/apis: OAuth Authorization as a Service},
howpublished = "\url{https://github.com/OAuth-Apis/apis}",
month = {},
year = {2016},
note = "[Online, Acedido a 22/06/2018]"
}

@misc{tokens:impl,
author = {},
title = {zalando/tokens: Java library for conveniently verifying and storing OAuth 2.0 service access tokens},
howpublished = {\url{https://github.com/zalando/tokens}},
month = {},
year = {2015},
note = "[Online, Acedido a 22/06/2018]"
}

@misc{JSONWebT8:introduction,
author = {},
title = {JSON Web Token Introduction - jwt.io},
howpublished = {\url{https://jwt.io/introduction/}},
month = {},
year = {},
note = "[Online, Acedido a 23/06/2018]"
}

@misc{RFC5246T88:tls,
author = { T. Dierks and E. Rescorla},
title = {RFC 5246 - The Transport Layer Security (TLS) Protocol Version 1.2},
howpublished = {\url{https://tools.ietf.org/html/rfc5246}},
month = {Agosto},
year = {2008},
note = "[Online, Acedido a 25/06/2018]"
}

@misc{RichardsonMaturityModel:martinFowler,
author = {Martin Fowler},
title = {Richardson Maturity Model},
howpublished = "\url{https://martinfowler.com/articles/richardsonMaturityModel.html}",
month = {Março},
year = {2010},
note = "[Online, Acedido a 17/06/2018]"
}

@misc{OpenIDConnect:introduction,
author = {},
title = {OpenID Connect | OpenID},
howpublished = {\url{http://openid.net/connect/}},
month = {Fevereiro},
year = {2014},
note = "[Online, Acedido a 21/06/2018]"
}

@misc{OAuth20:introduction,
author = {},
title = {OAuth 2.0 — OAuth},
howpublished = {\url{https://oauth.net/2/}},
month = {},
year = {},
note = "[Online, Acedido a 21/06/2018]"
}

@misc{Ajax:mozilla,
author = { Angel-luis},
title = {Ajax - Developer guides | MDN},
howpublished = {\url{https://developer.mozilla.org/en-US/docs/Web/Guide/AJAX}},
month = {Janeiro},
year = {2018},
note = "[Online, Acedido a 24/04/2018]"
}

@misc{XMLHttp:online,
author = {},
title = {XMLHttpRequest Standard},
howpublished = {\url{https://xhr.spec.whatwg.org/}},
month = {Junho},
year = {2018},
note = "[Online, Acedido a 16/06/2018]"
}

@misc{CrossOrigin:resource,
author = {Anne van Kesteren},
title = {Cross-Origin Resource Sharing},
howpublished = {\url{https://www.w3.org/TR/cors/}},
month = {Janeiro},
year = {2014},
note = "[Online, Acedido a 24/04/2018]"
}

@misc{BCrypt:spring-security,
author = {},
title = {BCrypt (Spring Security 4.2.5.RELEASE API)},
howpublished = {\url{https://docs.spring.io/spring-security/site/docs/4.2.5.RELEASE/apidocs/org/springframework/security/crypto/bcrypt/BCrypt.html}},
month = {},
year = {},
note = "[Online, Acedido a 29/05/2018]"
}

@misc{LeverageBrowserCaching:google,
author = {},
title = {Leverage Browser Caching | PageSpeed Insights | Google Developers},
howpublished = {\url{https://web.archive.org/web/20161206092632/https://developers.google.com/speed/docs/insights/LeverageBrowserCaching}},
month = {Janeiro},
year = {2018},
note = "[Online, Acedido a 21/02/2018]"
}

@misc{Swagger:api,
author = {},
title = {The Best APIs are Built with Swagger Tools | Swagger},
howpublished = {\url{https://swagger.io/}},
month = {},
year = {},
note = "[Online, Acedido a 01/07/2018]"
}

@misc{Supportd:android,
author = {},
title = {Support different languages and cultures | Android Developers},
howpublished = {\url{https://developer.android.com/training/basics/supporting-devices/languages}},
month = {Abril},
year = {2018},
note = "[Online, Acedido a 27/04/2018]"
}

@misc{MaterialDesign:homepage,
author = {},
title = {Homepage - Material Design},
howpublished = {\url{https://material.io/}},
month = {},
year = {},
note = "[Online, Acedido a 24/04/2018]"
}

@misc{AppleVsAndroid:comparative,
author = {Jayanti Katariya},
title = {Apple Vs Android — A comparative study 2017 – AndroidPub},
howpublished = {\url{https://android.jlelse.eu/apple-vs-android-a-comparative-study-2017-c5799a0a1683}},
month = {Março},
year = {2017},
note = "[Online, Acedido a 16/03/2018]"
}

@misc{Distribution:android,
author = {},
title = {Distribution dashboard | Android Developers},
howpublished = {\url{https://developer.android.com/about/dashboards/}},
month = {Maio},
year = {2018},
note = "[Online, Acedido a 16/03/2018]"
}

@misc{WhyKotlin:kotlin,
author = {Magnus Vinther},
title = {Why you should totally switch to Kotlin – Magnus Vinther – Medium},
howpublished = {\url{https://medium.com/@magnus.chatt/why-you-should-totally-switch-to-kotlin-c7bbde9e10d5}},
month = {Maio},
year = {2017},
note = "[Online, Acedido a 16/03/2018]"
}

@misc{SmartLock:android,
author = {},
title = {Smart Lock for Passwords on Android | Google Developers},
howpublished = {\url{https://developers.google.com/identity/smartlock-passwords/android/}},
month = {},
year = {},
note = "[Online, Acedido a 02/05/2018]"
}

@misc{Bestplacetostorepassword:android,
author = {Godfrey Nolan},
title = {Best place to store a password in your Android app},
howpublished = {\url{https://www.androidauthority.com/where-is-the-best-place-to-store-a-password-in-your-android-app-597197/}},
month = {Março},
year = {2015},
note = "[Online, Acedido a 03/07/2018]"
}

@misc{ServiceLocator:android,
author = {Daniel Novak},
title = {Service Locator pattern in Android – INLOOPX – Medium},
howpublished = {\url{https://medium.com/inloopx/service-locator-pattern-in-android-af3830924c69}},
month = {Janeiro},
year = {},
note = "[Online, Acedido a 20/04/2018]"
}

@misc{Volley:android,
author = {},
title = {Volley overview  |  Android Developers},
howpublished = {\url{https://developer.android.com/training/volley/}},
month = {Abril},
year = {2018},
note = "[Online, Acedido a 27/04/2018]"
}

@misc{ReactvsExpress:web,
author = {Mauricio Klein, Software developer},
title = {What is the difference between Express and React, in terms of node.js development? - Quora},
howpublished = {\url{https://www.quora.com/What-is-the-difference-between-Express-and-React-in-terms-of-node-js-development}},
month = {Abril},
year = {2016},
note = "[Online, Acedido a 28/06/2018]"
}

@misc{H2DatabaseEngine:database,
author = {},
title = {H2 Database Engine},
howpublished = {\url{http://www.h2database.com/html/main.html}},
month = {},
year = {},
note = "[Online, Acedido a 28/05/2018]"
}

@inproceedings{Haque:2007:ADA:1698307.1698331,
 author = {Haque, Waqar and Lucas, Robert and Stokes, Paul},
 title = {Architectural Design and Analysis of an N-tier Enterprise Application},
 booktitle = {Proceedings of the Third IASTED European Conference on Internet and Multimedia Systems and Applications},
 series = {EurolMSA '07},
 year = {2007},
 isbn = {978-0-88986-653-9},
 location = {Chamonix, France},
 pages = {128--134},
 numpages = {7},
 url = {http://dl.acm.org/citation.cfm?id=1698307.1698331},
 acmid = {1698331},
 publisher = {ACTA Press},
 address = {Anaheim, CA, USA},
 keywords = {ASP.NET, N-tier, design patterns, framework, web applications},
 note = "[Online, Acedido a 22/06/2018]"
}

@book{miller2015internet,
  title={The Internet of Things: How Smart TVs, Smart Cars, Smart Homes, and Smart Cities are Changing the World},
  author={Miller, M.},
  isbn={9780789754004},
  lccn={2015932632},
  url={https://books.google.pt/books?id=h2LeoAEACAAJ},
  year={2015},
  publisher={Que},
  note = "[Online, Acedido a 20/04/2018]"
}

@misc{qrcode:about,
author = {},
title = {What is a QR Code? | QRcode.com | DENSO WAVE},
howpublished = {\url{http://www.qrcode.com/en/about/}},
month = {},
year = {},
note = "[Online, Acedido a 07/03/2018]"
}

@misc{android:activityLifecycle,
author = {},
title = {Understand the Activity Lifecycle  |  Android Developers},
howpublished = {\url{https://developer.android.com/guide/components/activities/activity-lifecycle}},
month = {},
year = {},
note = "[Online, Acedido a 28/04/2018]"
}

@misc{Singlepageapplication:online,
author = {},
title = {Single-page application vs. multiple-page application},
howpublished = {\url{https://medium.com/@NeotericEU/single-page-application-vs-multiple-page-application-2591588efe58}},
month = {Dezembro},
year = {2016},
note = "[Online, Acedido a 12/05/2018]"
}

@misc{Hibernate:online,
author = {},
title = {Hibernate. Everything data. - Hibernate},
howpublished = {\url{http://hibernate.org/}},
month = {},
year = {},
note = "[Online, Acedido a 12/04/2018]"
}

@misc{mvc:online,
author = {},
title = {Android Architecture Patterns Part 1: Model-View-Controller},
howpublished = {\url{https://medium.com/upday-devs/android-architecture-patterns-part-1-model-view-controller-3baecef5f2b6}},
month = {},
year = {},
note = "[Online, Acedido a 12/04/2018]"
}

@misc{mvp:online,
author = {},
title = {Android Architecture Patterns Part 2: Model-View-Presenter},
howpublished = {\url{https://medium.com/upday-devs/android-architecture-patterns-part-2-model-view-presenter-8a6faaae14a5}},
month = {Novembro},
year = {2016},
note = "[Online, Acedido a 12/04/2018]"
}

@misc{mvvm:online,
author = {},
title = {Android Architecture Patterns Part 3: Model-View-ViewModel},
howpublished = {\url{https://medium.com/upday-devs/android-architecture-patterns-part-3-model-view-viewmodel-e7eeee76b73b}},
month = {Novembro},
year = {2016},
note = "[Online, Acedido a 12/04/2018]"
}

@misc{DeprecatedAlgorithms:online,
author = {},
title = {PasswordEncoder (Spring Security 4.2.4.RELEASE API)},
howpublished = {\url{https://docs.spring.io/spring-security/site/docs/4.2.4.RELEASE/apidocs/org/springframework/security/authentication/encoding/PasswordEncoder.html}},
month = {},
year = {},
note = "[Online, Acedido a 21/06/2018]"
}

@misc{MartinFowler:dependencyinjection,
author = {},
title = {Inversion of Control Containers and the Dependency Injection pattern},
howpublished = {\url{https://martinfowler.com/articles/injection.html}},
month = {Janeiro},
year = {2004},
note = "[Online, Acedido a 20/04/2018]"
}