@misc{Category76:online,
	author = {},
	title = {Category, Segment, and Brand – what’s the difference? – Sphere of Influence : Analytics Studio},
	howpublished = {\url{https://sphereoi.com/studios/category-segment-and-brand-whats-the-difference/}},
	month = {},
	year = {},
	note = {(Accessed on 03/25/2018)}
}